[gd_scene load_steps=15 format=2]

[ext_resource path="res://assets/0x72_DungeonTilesetII_v1.3/frames/knight_f_run_anim_f1.png" type="Texture" id=1]
[ext_resource path="res://assets/0x72_DungeonTilesetII_v1.3/frames/knight_f_idle_anim_f2.png" type="Texture" id=2]
[ext_resource path="res://assets/0x72_DungeonTilesetII_v1.3/frames/knight_f_idle_anim_f3.png" type="Texture" id=3]
[ext_resource path="res://assets/0x72_DungeonTilesetII_v1.3/frames/knight_f_idle_anim_f1.png" type="Texture" id=4]
[ext_resource path="res://assets/0x72_DungeonTilesetII_v1.3/frames/knight_f_hit_anim_f0.png" type="Texture" id=5]
[ext_resource path="res://assets/0x72_DungeonTilesetII_v1.3/frames/knight_f_idle_anim_f0.png" type="Texture" id=6]
[ext_resource path="res://assets/0x72_DungeonTilesetII_v1.3/frames/knight_f_run_anim_f2.png" type="Texture" id=7]
[ext_resource path="res://assets/0x72_DungeonTilesetII_v1.3/frames/knight_f_run_anim_f0.png" type="Texture" id=8]
[ext_resource path="res://assets/0x72_DungeonTilesetII_v1.3/frames/knight_f_run_anim_f3.png" type="Texture" id=9]
[ext_resource path="res://scripts/enemy3.gd" type="Script" id=10]
[ext_resource path="res://assets/0x72_DungeonTilesetII_v1.3/frames/sym0_0.png" type="Texture" id=12]

[sub_resource type="RectangleShape2D" id=1]
extents = Vector2( 6.55582, 10 )

[sub_resource type="SpriteFrames" id=2]
animations = [ {
"frames": [ ExtResource( 6 ), ExtResource( 4 ), ExtResource( 2 ), ExtResource( 3 ) ],
"loop": true,
"name": "idle",
"speed": 6.0
}, {
"frames": [ ExtResource( 5 ) ],
"loop": true,
"name": "shoot",
"speed": 6.0
}, {
"frames": [ ExtResource( 8 ), ExtResource( 1 ), ExtResource( 7 ), ExtResource( 9 ) ],
"loop": true,
"name": "walk",
"speed": 6.0
} ]

[sub_resource type="RectangleShape2D" id=3]
extents = Vector2( 6.30548, 10 )

[node name="enemy3" type="KinematicBody2D" groups=[
"enemy",
]]
script = ExtResource( 10 )

[node name="CollisionPolygon2D" type="CollisionShape2D" parent="."]
shape = SubResource( 1 )

[node name="AnimatedSprite" type="AnimatedSprite" parent="."]
position = Vector2( 0.250343, -3.25449 )
frames = SubResource( 2 )
animation = "idle"
frame = 2
playing = true

[node name="Area2D" type="Area2D" parent="."]

[node name="CollisionShape2D" type="CollisionShape2D" parent="Area2D"]
shape = SubResource( 3 )

[node name="HBoxContainer" type="HBoxContainer" parent="."]
margin_left = -27.5
margin_top = -20.0
margin_right = 72.5
margin_bottom = -5.0
rect_scale = Vector2( 0.55, 0.55 )
alignment = 1
__meta__ = {
"_edit_use_anchors_": false
}

[node name="s0" type="TextureRect" parent="HBoxContainer"]
margin_left = 14.0
margin_right = 29.0
margin_bottom = 15.0
texture = ExtResource( 12 )
stretch_mode = 4

[node name="s1" type="TextureRect" parent="HBoxContainer"]
margin_left = 33.0
margin_right = 48.0
margin_bottom = 15.0
texture = ExtResource( 12 )

[node name="s2" type="TextureRect" parent="HBoxContainer"]
margin_left = 52.0
margin_right = 67.0
margin_bottom = 15.0
texture = ExtResource( 12 )
stretch_mode = 4

[node name="s3" type="TextureRect" parent="HBoxContainer"]
margin_left = 71.0
margin_right = 86.0
margin_bottom = 15.0
texture = ExtResource( 12 )

[node name="walk1_time" type="Timer" parent="."]
wait_time = 2.0
one_shot = true

[node name="walk2_time" type="Timer" parent="."]
wait_time = 2.0
one_shot = true

[node name="shoot_time" type="Timer" parent="."]
wait_time = 2.0
autostart = true

[node name="VisibilityNotifier2D" type="VisibilityNotifier2D" parent="."]
position = Vector2( -0.305861, -5.50549 )
scale = Vector2( 1.8666, 1.55055 )
[connection signal="timeout" from="shoot_time" to="." method="_on_shoot_time_timeout"]
