[gd_scene load_steps=14 format=2]

[ext_resource path="res://assets/0x72_DungeonTilesetII_v1.3/frames/necromancer_run_anim_f1.png" type="Texture" id=1]
[ext_resource path="res://assets/0x72_DungeonTilesetII_v1.3/frames/necromancer_run_anim_f2.png" type="Texture" id=2]
[ext_resource path="res://assets/0x72_DungeonTilesetII_v1.3/frames/necromancer_run_anim_f3.png" type="Texture" id=3]
[ext_resource path="res://assets/0x72_DungeonTilesetII_v1.3/frames/necromancer_idle_anim_f3.png" type="Texture" id=4]
[ext_resource path="res://assets/0x72_DungeonTilesetII_v1.3/frames/necromancer_idle_anim_f2.png" type="Texture" id=5]
[ext_resource path="res://assets/0x72_DungeonTilesetII_v1.3/frames/necromancer_run_anim_f0.png" type="Texture" id=6]
[ext_resource path="res://assets/0x72_DungeonTilesetII_v1.3/frames/necromancer_idle_anim_f1.png" type="Texture" id=7]
[ext_resource path="res://assets/0x72_DungeonTilesetII_v1.3/frames/necromancer_idle_anim_f0.png" type="Texture" id=8]
[ext_resource path="res://scripts/necromancer.gd" type="Script" id=9]
[ext_resource path="res://assets/0x72_DungeonTilesetII_v1.3/frames/sym0_0.png" type="Texture" id=11]

[sub_resource type="RectangleShape2D" id=1]
extents = Vector2( 6.21114, 6.97598 )

[sub_resource type="SpriteFrames" id=2]
animations = [ {
"frames": [ ExtResource( 8 ), ExtResource( 7 ), ExtResource( 5 ), ExtResource( 4 ) ],
"loop": true,
"name": "idle",
"speed": 5.0
}, {
"frames": [ ExtResource( 6 ), ExtResource( 1 ), ExtResource( 2 ), ExtResource( 3 ) ],
"loop": true,
"name": "walk",
"speed": 5.0
} ]

[sub_resource type="RectangleShape2D" id=3]
extents = Vector2( 6.66301, 7.20191 )

[node name="necromancer" type="KinematicBody2D" groups=[
"enemy",
"necromancer",
]]
script = ExtResource( 9 )

[node name="CollisionShape2D" type="CollisionShape2D" parent="."]
shape = SubResource( 1 )

[node name="AnimatedSprite" type="AnimatedSprite" parent="."]
frames = SubResource( 2 )
animation = "walk"
offset = Vector2( 0, -2.72 )

[node name="Area2D" type="Area2D" parent="."]

[node name="CollisionShape2D" type="CollisionShape2D" parent="Area2D"]
shape = SubResource( 3 )

[node name="HBoxContainer" type="HBoxContainer" parent="."]
margin_left = -29.5
margin_top = -18.0
margin_right = 70.5
margin_bottom = -3.0
rect_scale = Vector2( 0.55, 0.55 )
alignment = 1
__meta__ = {
"_edit_use_anchors_": false
}

[node name="s0" type="TextureRect" parent="HBoxContainer"]
margin_left = 4.0
margin_right = 19.0
margin_bottom = 15.0
texture = ExtResource( 11 )

[node name="s1" type="TextureRect" parent="HBoxContainer"]
margin_left = 23.0
margin_right = 38.0
margin_bottom = 15.0
texture = ExtResource( 11 )

[node name="s2" type="TextureRect" parent="HBoxContainer"]
margin_left = 42.0
margin_right = 57.0
margin_bottom = 15.0
texture = ExtResource( 11 )

[node name="s3" type="TextureRect" parent="HBoxContainer"]
margin_left = 61.0
margin_right = 76.0
margin_bottom = 15.0
texture = ExtResource( 11 )

[node name="s4" type="TextureRect" parent="HBoxContainer"]
margin_left = 80.0
margin_right = 95.0
margin_bottom = 15.0
texture = ExtResource( 11 )

[node name="walk1_time" type="Timer" parent="."]
wait_time = 2.0

[node name="summon_time" type="Timer" parent="."]
wait_time = 7.5
autostart = true

[node name="VisibilityNotifier2D" type="VisibilityNotifier2D" parent="."]
position = Vector2( -2.03907, -5.70939 )
scale = Vector2( 2.38657, 1.24469 )
[connection signal="timeout" from="summon_time" to="." method="_on_summon_time_timeout"]
